
@article{alexanderharsWorkingFreeMotivations2002,
  title = {Working for {{Free}}? {{Motivations}} for {{Participating}} in {{Open}}-{{Source Projects}}},
  shorttitle = {Working for {{Free}}?},
  author = {Alexander Hars, Shaosong Ou},
  year = {2002},
  month = apr,
  volume = {6},
  pages = {25--39},
  publisher = {{Routledge}},
  issn = {1086-4415},
  doi = {10.1080/10864415.2002.11044241},
  annotation = {\_eprint: https://doi.org/10.1080/10864415.2002.11044241},
  file = {C\:\\Users\\csepa\\Zotero\\storage\\E5HSI6EE\\Alexander Hars - 2002 - Working for Free Motivations for Participating in.pdf;C\:\\Users\\csepa\\Zotero\\storage\\FMV2JS7T\\10864415.2002.html},
  journal = {International Journal of Electronic Commerce},
  keywords = {ALTRUISM HUMAN CAPITAL INTRINSIC MOTIVATION MOTIVATIONS OPEN-SOURCE SOFTWARE SOFTWARE DEVELOPMENT},
  number = {3}
}

@article{aljemabiEmpiricalStudyEvolution2018,
  title = {Empirical {{Study}} on the {{Evolution}} of {{Developer Social Networks}}},
  author = {Aljemabi, Mohammed and Wang, Zhongjie},
  year = {2018},
  month = sep,
  volume = {PP},
  pages = {1--1},
  doi = {10.1109/ACCESS.2018.2868427},
  file = {C\:\\Users\\csepa\\Zotero\\storage\\L86PWYVE\\Aljemabi and Wang - 2018 - Empirical Study on the Evolution of Developer Soci.pdf},
  journal = {IEEE Access}
}

@article{antwerpEvolutionOpenSource2010,
  title = {Evolution of Open Source Software Networks},
  author = {Antwerp, M.},
  year = {2010},
  month = jan,
  pages = {25--39}
}

@article{avelinoNovelApproachEstimating2016,
  title = {A {{Novel Approach}} for {{Estimating Truck Factors}}},
  author = {Avelino, Guilherme and Passos, Leonardo and Hora, Andre and Valente, Marco Tulio},
  year = {2016},
  month = may,
  pages = {1--10},
  doi = {10.1109/ICPC.2016.7503718},
  archiveprefix = {arXiv},
  eprint = {1604.06766},
  eprinttype = {arxiv},
  file = {C\:\\Users\\csepa\\Zotero\\storage\\NRDMUP98\\Avelino et al. - 2016 - A Novel Approach for Estimating Truck Factors.pdf;C\:\\Users\\csepa\\Zotero\\storage\\TMPVMKDH\\1604.html},
  journal = {2016 IEEE 24th International Conference on Program Comprehension (ICPC)},
  keywords = {Computer Science - Software Engineering}
}

@inproceedings{azarbakhtDrawingBigPicture2013,
  title = {Drawing the Big Picture: Analyzing {{FLOSS}} Collaboration with Temporal Social Network Analysis},
  shorttitle = {Drawing the Big Picture},
  booktitle = {Proceedings of the 9th {{International Symposium}} on {{Open Collaboration}}},
  author = {Azarbakht, Amir},
  year = {2013},
  month = aug,
  pages = {1--1},
  publisher = {{ACM}},
  address = {{Hong Kong China}},
  doi = {10.1145/2491055.2491085},
  file = {C\:\\Users\\csepa\\Zotero\\storage\\DBNEE8XN\\Azarbakht - 2013 - Drawing the big picture analyzing FLOSS collabora.pdf},
  isbn = {978-1-4503-1852-5},
  language = {en}
}

@inproceedings{birdLatentSocialStructure2008,
  title = {Latent Social Structure in Open Source Projects},
  booktitle = {Proceedings of the 16th {{ACM SIGSOFT International Symposium}} on {{Foundations}} of Software Engineering},
  author = {Bird, Christian and Pattison, David and D'Souza, Raissa and Filkov, Vladimir and Devanbu, Premkumar},
  year = {2008},
  month = nov,
  pages = {24--35},
  publisher = {{Association for Computing Machinery}},
  address = {{New York, NY, USA}},
  doi = {10.1145/1453101.1453107},
  file = {C\:\\Users\\csepa\\Zotero\\storage\\Q62BXRR5\\Bird et al. - 2008 - Latent social structure in open source projects.pdf},
  isbn = {978-1-59593-995-1},
  keywords = {collaboration,open source software,social networks},
  series = {{{SIGSOFT}} '08/{{FSE}}-16}
}

@article{conaldiLongitudinalStudyCollaboration,
  title = {A {{Longitudinal Study}} on {{Collaboration Networks}} and {{Decision}} to {{Participate}} in a {{FLOSS Community}}},
  author = {Conaldi, Guido and Tonellato, Marco},
  pages = {5},
  file = {C\:\\Users\\csepa\\Zotero\\storage\\YUBEHQQ4\\Conaldi and Tonellato - A Longitudinal Study on Collaboration Networks and.pdf},
  language = {en}
}

@article{crowstonHierarchyCentralizationFree2006,
  title = {Hierarchy and Centralization in Free and Open Source Software Team Communications},
  author = {Crowston, Kevin and Howison, James},
  year = {2006},
  month = dec,
  volume = {18},
  pages = {65--85},
  issn = {0897-1986, 1874-6314},
  doi = {10.1007/s12130-006-1004-8},
  file = {C\:\\Users\\csepa\\Zotero\\storage\\KTEUFQ2J\\Crowston and Howison - 2006 - Hierarchy and centralization in free and open sour.pdf},
  journal = {Knowledge, Technology \& Policy},
  language = {en},
  number = {4}
}

@misc{crowstonSocialStructureFree2005,
  title = {The Social Structure of Free and Open Source Software Development},
  author = {Crowston, Kevin and Howison, James},
  year = {2005},
  month = feb,
  publisher = {{Valauskas, Edward J.}},
  copyright = {Copyright Kevin Crowston, 2005 - All rights reserved.},
  howpublished = {https://firstmonday.org/ojs/index.php/fm/article/download/1478/1393?inline=1},
  journal = {First Monday, ISSN 1396-0466},
  language = {en},
  type = {Text}
}

@article{davidDynamicsInnovationOpen2008,
  title = {Dynamics of Innovation in an ``Open Source'' Collaboration Environment: Lurking, Laboring, and Launching {{FLOSS}} Projects on {{SourceForge}}},
  shorttitle = {Dynamics of Innovation in an ``Open Source'' Collaboration Environment},
  author = {David, Paul A. and Rullani, Francesco},
  year = {2008},
  month = aug,
  volume = {17},
  pages = {647--710},
  issn = {0960-6491},
  doi = {10.1093/icc/dtn026},
  file = {C\:\\Users\\csepa\\Zotero\\storage\\3HSY4PSB\\David and Rullani - 2008 - Dynamics of innovation in an “open source” collabo.pdf;C\:\\Users\\csepa\\Zotero\\storage\\L3ZYYJWL\\666857.html},
  journal = {Industrial and Corporate Change},
  number = {4}
}

@inproceedings{elasriPeripheryCoreTemporal2017,
  title = {From {{Periphery}} to {{Core}}: {{A Temporal Analysis}} of {{GitHub Contributors}}' {{Collaboration Network}}},
  shorttitle = {From {{Periphery}} to {{Core}}},
  booktitle = {Collaboration in a {{Data}}-{{Rich World}}},
  author = {El Asri, Ikram and Kerzazi, Noureddine and Benhiba, Lamia and Janati, Mohammed},
  editor = {{Camarinha-Matos}, Luis M. and Afsarmanesh, Hamideh and Fornasiero, Rosanna},
  year = {2017},
  pages = {217--229},
  publisher = {{Springer International Publishing}},
  address = {{Cham}},
  doi = {10.1007/978-3-319-65151-4_21},
  file = {C\:\\Users\\csepa\\Zotero\\storage\\ZMXCULUV\\El Asri et al. - 2017 - From Periphery to Core A Temporal Analysis of Git.pdf},
  isbn = {978-3-319-65151-4},
  keywords = {Collaboration,Core-periphery,SNA,Socio-technical relationships},
  language = {en},
  series = {{{IFIP Advances}} in {{Information}} and {{Communication Technology}}}
}

@article{goteAnalysingTimeStampedCoEditing2019,
  title = {Analysing {{Time}}-{{Stamped Co}}-{{Editing Networks}} in {{Software Development Teams}} Using Git2net},
  author = {Gote, Christoph and Scholtes, Ingo and Schweitzer, Frank},
  year = {2019},
  month = nov,
  archiveprefix = {arXiv},
  eprint = {1911.09484},
  eprinttype = {arxiv},
  file = {C\:\\Users\\csepa\\Zotero\\storage\\SBAAD7TG\\Gote et al. - 2019 - Analysing Time-Stamped Co-Editing Networks in Soft.pdf;C\:\\Users\\csepa\\Zotero\\storage\\UZYXFZY3\\1911.html},
  journal = {arXiv:1911.09484 [physics]},
  keywords = {Computer Science - Multiagent Systems,Computer Science - Social and Information Networks,Computer Science - Software Engineering,Physics - Physics and Society},
  primaryclass = {physics}
}

@article{goteGambitOpenSource2021,
  title = {Gambit -- {{An Open Source Name Disambiguation Tool}} for {{Version Control Systems}}},
  author = {Gote, Christoph and Zingg, Christian},
  year = {2021},
  month = mar,
  archiveprefix = {arXiv},
  eprint = {2103.05666},
  eprinttype = {arxiv},
  file = {C\:\\Users\\csepa\\Zotero\\storage\\MW65L79Y\\Gote and Zingg - 2021 - gambit -- An Open Source Name Disambiguation Tool .pdf;C\:\\Users\\csepa\\Zotero\\storage\\955QMBMT\\2103.html},
  journal = {arXiv:2103.05666 [physics]},
  keywords = {Computer Science - Computers and Society,Computer Science - Social and Information Networks,Computer Science - Software Engineering,Physics - Physics and Society},
  primaryclass = {physics}
}

@article{jarczykSurgicalTeamsGitHub2018,
  title = {Surgical Teams on {{GitHub}}: {{Modeling}} Performance of {{GitHub}} Project Development Processes},
  shorttitle = {Surgical Teams on {{GitHub}}},
  author = {Jarczyk, Oskar and Jaroszewicz, Szymon and Wierzbicki, Adam and Pawlak, Kamil and {Jankowski-Lorek}, Michal},
  year = {2018},
  month = aug,
  volume = {100},
  pages = {32--46},
  issn = {0950-5849},
  doi = {10.1016/j.infsof.2018.03.010},
  file = {C\:\\Users\\csepa\\Zotero\\storage\\VV6BU77R\\Jarczyk et al. - 2018 - Surgical teams on GitHub Modeling performance of .pdf;C\:\\Users\\csepa\\Zotero\\storage\\DBR8M2NT\\S095058491730304X.html},
  journal = {Information and Software Technology},
  keywords = {Development process performance,Issue closure rate,Issue workflow,Open source software (OSS),Surgical team,Work centralization},
  language = {en}
}

@inproceedings{jinxuTopologicalAnalysisOpen2005,
  title = {A {{Topological Analysis}} of the {{Open Souce Software Development Community}}},
  booktitle = {Proceedings of the 38th {{Annual Hawaii International Conference}} on {{System Sciences}}},
  author = {{Jin Xu} and {Yongqin Gao} and Christley, S. and Madey, G.},
  year = {2005},
  month = jan,
  pages = {198a-198a},
  issn = {1530-1605},
  doi = {10.1109/HICSS.2005.57},
  file = {C\:\\Users\\csepa\\Zotero\\storage\\X3HWY8QQ\\Xu et al. - 2005 - A Topological Analysis of the Open Source Software.pdf;C\:\\Users\\csepa\\Zotero\\storage\\R4THST2S\\1385642.html},
  keywords = {Computer bugs,Data mining,Information analysis,Open source software,Performance analysis,Programming,Project management,Social network services,Statistics,Technological innovation}
}

@article{joblinEvolutionaryTrendsDeveloper2017,
  title = {Evolutionary Trends of Developer Coordination: A Network Approach},
  shorttitle = {Evolutionary Trends of Developer Coordination},
  author = {Joblin, Mitchell and Apel, Sven and Mauerer, Wolfgang},
  year = {2017},
  month = aug,
  volume = {22},
  pages = {2050--2094},
  issn = {1573-7616},
  doi = {10.1007/s10664-016-9478-9},
  file = {C\:\\Users\\csepa\\Zotero\\storage\\PRSU3CXX\\Joblin et al. - 2017 - Evolutionary trends of developer coordination a n.pdf},
  journal = {Empirical Software Engineering},
  language = {en},
  number = {4}
}

@misc{kastrenakesMozillaLaying2502020a,
  title = {Mozilla Is Laying off 250 People and Planning a `New Focus' on Making Money},
  author = {Kastrenakes, Jacob},
  year = {2020},
  month = aug,
  file = {C\:\\Users\\csepa\\Zotero\\storage\\6DBKRIRL\\mozilla-layoffs-quarter-staff-250-people-new-revenue-focus.html},
  howpublished = {https://www.theverge.com/2020/8/11/21363424/mozilla-layoffs-quarter-staff-250-people-new-revenue-focus},
  journal = {The Verge},
  language = {en}
}

@article{klugUnderstandingGroupDynamics,
  title = {Understanding the Group Dynamics and Success of Teams},
  author = {Klug, Michael and Bagrow, James P.},
  volume = {3},
  pages = {160007},
  publisher = {{Royal Society}},
  doi = {10.1098/rsos.160007},
  file = {C\:\\Users\\csepa\\Zotero\\storage\\5UWWG7FU\\Klug and Bagrow - Understanding the group dynamics and success of te.pdf;C\:\\Users\\csepa\\Zotero\\storage\\BMVC3RU7\\rsos.html},
  journal = {Royal Society Open Science},
  number = {4}
}

@misc{krishnamurthyCaveCommunity2002,
  title = {Cave or Community?},
  author = {Krishnamurthy, Sandeep},
  year = {2002},
  month = jun,
  publisher = {{Valauskas, Edward J.}},
  copyright = {Copyright Sandeep Krishnamurthy, 2002 - All rights reserved.},
  howpublished = {https://firstmonday.org/ojs/index.php/fm/article/download/960/881?inline=1},
  journal = {First Monday, ISSN 1396-0466},
  language = {en},
  type = {Text}
}

@article{limaCodingTogetherScale2014,
  title = {Coding {{Together}} at {{Scale}}: {{GitHub}} as a {{Collaborative Social Network}}},
  shorttitle = {Coding {{Together}} at {{Scale}}},
  author = {Lima, Antonio and Rossi, Luca and Musolesi, Mirco},
  year = {2014},
  month = may,
  volume = {8},
  issn = {2334-0770},
  copyright = {Copyright (c)},
  file = {C\:\\Users\\csepa\\Zotero\\storage\\BWI4RRKM\\Lima et al. - 2014 - Coding Together at Scale GitHub as a Collaborativ.pdf;C\:\\Users\\csepa\\Zotero\\storage\\S8PNZ4K9\\14552.html},
  journal = {Proceedings of the International AAAI Conference on Web and Social Media},
  keywords = {collaborative networks},
  language = {en},
  number = {1}
}

@inproceedings{linBlogCommunityDiscovery2007,
  title = {Blog {{Community Discovery}} and {{Evolution Based}} on {{Mutual Awareness Expansion}}},
  booktitle = {Proceedings of the {{IEEE}}/{{WIC}}/{{ACM International Conference}} on {{Web Intelligence}}},
  author = {Lin, Yu-Ru and Sundaram, Hari and Chi, Yun and Tatemura, Junichi and Tseng, Belle},
  year = {2007},
  month = nov,
  pages = {48--56},
  doi = {10.1109/WI.2007.71},
  file = {C\:\\Users\\csepa\\Zotero\\storage\\5TB5MC4K\\Lin et al. - 2007 - Blog Community Discovery and Evolution Based on Mu.pdf}
}

@article{linHybridInnovationDynamics2006,
  title = {Hybrid Innovation: {{The}} Dynamics of Collaboration between the {{FLOSS}} Community and Corporations},
  shorttitle = {Hybrid Innovation},
  author = {Lin, Yuwei},
  year = {2006},
  month = dec,
  volume = {18},
  pages = {86--100},
  issn = {0897-1986, 1874-6314},
  doi = {10.1007/s12130-006-1005-7},
  file = {C\:\\Users\\csepa\\Zotero\\storage\\I3TMCHVL\\Lin - 2006 - Hybrid innovation The dynamics of collaboration b.pdf},
  journal = {Knowledge, Technology \& Policy},
  language = {en},
  number = {4}
}

@article{lopez-fernandezApplyingSocialNetwork2006,
  title = {Applying {{Social Network Analysis Techniques}} to {{Community}}-{{Driven Libre Software Projects}}},
  author = {{L{\'o}pez-Fern{\'a}ndez}, Luis and Robles, Gregorio and {Gonzalez-Barahona}, Jesus and Herraiz, Israel},
  year = {2006},
  month = jan,
  volume = {1},
  pages = {27--48},
  doi = {10.4018/jitwe.2006070103},
  file = {C\:\\Users\\csepa\\Zotero\\storage\\LA2L7H8B\\López-Fernández et al. - 2006 - Applying Social Network Analysis Techniques to Com.pdf},
  journal = {IJITWE}
}

@inproceedings{maMiningNetworkProgrammers2017,
  title = {Mining the {{Network}} of the {{Programmers}}: {{A Data}}-{{Driven Analysis}} of {{GitHub}}},
  shorttitle = {Mining the {{Network}} of the {{Programmers}}},
  booktitle = {Proceedings of the 12th {{Chinese Conference}} on {{Computer Supported Cooperative Work}} and {{Social Computing}}},
  author = {Ma, Yezhou and Li, Huiying and Hu, Jiyao and Xie, Rong and Chen, Yang},
  year = {2017},
  month = sep,
  pages = {165--168},
  publisher = {{Association for Computing Machinery}},
  address = {{New York, NY, USA}},
  doi = {10.1145/3127404.3127431},
  file = {C\:\\Users\\csepa\\Zotero\\storage\\ZH7B8MP5\\Ma et al. - 2017 - Mining the Network of the Programmers A Data-Driv.pdf},
  isbn = {978-1-4503-5352-6},
  keywords = {GitHub,machine learning,PageRank,professional social networks,spatial-temporal analysis},
  series = {{{ChineseCSCW}} '17}
}

@incollection{martinez-romoUsingSocialNetwork2008,
  title = {Using {{Social Network Analysis Techniques}} to {{Study Collaboration}} between a {{FLOSS Community}} and a {{Company}}},
  booktitle = {Open {{Source Development}}, {{Communities}} and {{Quality}}},
  author = {{Martinez-Romo}, Juan and Robles, Gregorio and {Gonzalez-Barahona}, Jesus M. and {Ortu{\~n}o-Perez}, Miguel},
  editor = {Russo, Barbara and Damiani, Ernesto and Hissam, Scott and Lundell, Bj{\"o}rn and Succi, Giancarlo},
  year = {2008},
  volume = {275},
  pages = {171--186},
  publisher = {{Springer US}},
  address = {{Boston, MA}},
  doi = {10.1007/978-0-387-09684-1_14},
  file = {C\:\\Users\\csepa\\Zotero\\storage\\6E7RDCLK\\Martinez-Romo et al. - 2008 - Using Social Network Analysis Techniques to Study .pdf},
  isbn = {978-0-387-09683-4 978-0-387-09684-1},
  language = {en}
}

@article{martinez-torresAnalysisActivityOpensource2014,
  title = {Analysis of Activity in Open-Source Communities Using Social Network Analysis Techniques},
  author = {{Martinez-Torres}, Rocio},
  year = {2014},
  month = may,
  volume = {22},
  pages = {114--130},
  doi = {10.1080/19761597.2014.912577},
  file = {C\:\\Users\\csepa\\Zotero\\storage\\A84TCDPA\\Martinez-Torres - 2014 - Analysis of activity in open-source communities us.pdf},
  journal = {Asian Journal of Technology Innovation}
}

@article{martinez-torresGeneticSearchPatterns2012,
  title = {A Genetic Search of Patterns of Behaviour in {{OSS}} Communities},
  author = {{Mart{\'i}nez-Torres}, M. R.},
  year = {2012},
  month = dec,
  volume = {39},
  pages = {13182--13192},
  issn = {0957-4174},
  doi = {10.1016/j.eswa.2012.05.083},
  file = {C\:\\Users\\csepa\\Zotero\\storage\\ZH7LUX2Z\\Martínez-Torres - 2012 - A genetic search of patterns of behaviour in OSS c.pdf},
  journal = {Expert Systems with Applications},
  keywords = {Factor analysis,Genetic algorithm,Open source software,Social network analysis,Virtual communities},
  language = {en},
  number = {18}
}

@article{mccleanSocialNetworkAnalysis2021,
  title = {Social Network Analysis of Open Source Software: {{A}} Review and Categorisation},
  shorttitle = {Social Network Analysis of Open Source Software},
  author = {McClean, Kelvin and Greer, Des and {Jurek-Loughrey}, Anna},
  year = {2021},
  month = feb,
  volume = {130},
  pages = {106442},
  issn = {0950-5849},
  doi = {10.1016/j.infsof.2020.106442},
  file = {C\:\\Users\\csepa\\Zotero\\storage\\4CCG58V8\\McClean et al. - 2021 - Social network analysis of open source software A.pdf;C\:\\Users\\csepa\\Zotero\\storage\\S45R5KSW\\S0950584920301956.html},
  journal = {Information and Software Technology},
  keywords = {Open source software,Review,Social network analysis},
  language = {en}
}

@article{mockusTwoCaseStudies2002,
  title = {Two Case Studies of Open Source Software Development: {{Apache}} and {{Mozilla}}},
  shorttitle = {Two Case Studies of Open Source Software Development},
  author = {Mockus, Audris and Fielding, Roy T. and Herbsleb, James D.},
  year = {2002},
  month = jul,
  volume = {11},
  pages = {309--346},
  issn = {1049-331X},
  doi = {10.1145/567793.567795},
  file = {C\:\\Users\\csepa\\Zotero\\storage\\9UHKPAJN\\Mockus et al. - 2002 - Two case studies of open source software developme.pdf},
  journal = {ACM Transactions on Software Engineering and Methodology},
  keywords = {Apache,code ownership,defect density,Mozilla,Open source software,repair interval},
  number = {3}
}

@misc{MozillaLays70,
  title = {Mozilla Lays off 70 as It Waits for New Products to Generate Revenue},
  file = {C\:\\Users\\csepa\\Zotero\\storage\\RFY9R982\\mozilla-lays-off-70-as-it-waits-for-subscription-products-to-generate-revenue.html},
  journal = {TechCrunch},
  language = {en-US}
}

@inproceedings{ohMembershipDynamicsNetwork2004,
  title = {Membership {{Dynamics}} and {{Network Stability}} in the {{Open}}-{{Source Community}}: {{The Ising Perspective}}.},
  shorttitle = {Membership {{Dynamics}} and {{Network Stability}} in the {{Open}}-{{Source Community}}},
  author = {Oh, Wonseok and Jeon, Sangyong},
  year = {2004},
  month = jan,
  pages = {413--426}
}

@article{pwcLeadingBenefitsOpensource2016,
  title = {Leading Benefits of Open-Source Software among Enterprises Worldwide as of 2016},
  author = {{PwC}},
  year = {2016},
  file = {C\:\\Users\\csepa\\Zotero\\storage\\J9T66FJK\\worldwide-enterprises-open-source-benefits.html},
  journal = {Statista},
  language = {en}
}

@misc{raymondCathedralBazaar1998,
  title = {The Cathedral and the Bazaar},
  author = {Raymond, Eric S.},
  year = {1998},
  month = mar,
  publisher = {{Valauskas, Edward J.}},
  howpublished = {https://firstmonday.org/ojs/index.php/fm/article/download/578/499?inline=1},
  language = {en},
  type = {Text}
}

@article{sekaraFundamentalStructuresDynamic2016,
  title = {Fundamental Structures of Dynamic Social Networks},
  author = {Sekara, Vedran and Stopczynski, Arkadiusz and Lehmann, Sune},
  year = {2016},
  month = sep,
  volume = {113},
  pages = {9977--9982},
  issn = {0027-8424, 1091-6490},
  doi = {10.1073/pnas.1602803113},
  file = {C\:\\Users\\csepa\\Zotero\\storage\\6MKRWIXV\\Sekara et al. - 2016 - Fundamental structures of dynamic social networks.pdf},
  journal = {Proceedings of the National Academy of Sciences},
  language = {en},
  number = {36}
}

@inproceedings{stramWeightedOneMode2017,
  title = {Weighted {{One Mode Projection}} of a {{Bipartite Graph}} as a {{Local Similarity Measure}}},
  author = {Stram, Rotem and Reuss, Pascal and Althoff, Klaus-Dieter},
  year = {2017},
  month = jun,
  pages = {375--389},
  doi = {10.1007/978-3-319-61030-6_26},
  file = {C\:\\Users\\csepa\\Zotero\\storage\\MYDX9VSU\\Stram et al. - 2017 - Weighted One Mode Projection of a Bipartite Graph .pdf},
  isbn = {978-3-319-61029-0}
}

@inproceedings{surekaUsingSocialNetwork2011,
  title = {Using Social Network Analysis for Mining Collaboration Data in a Defect Tracking System for Risk and Vulnerability Analysis},
  booktitle = {Proceedings of the 4th {{India Software Engineering Conference}}},
  author = {Sureka, Ashish and Goyal, Atul and Rastogi, Ayushi},
  year = {2011},
  month = feb,
  pages = {195--204},
  publisher = {{Association for Computing Machinery}},
  address = {{New York, NY, USA}},
  doi = {10.1145/1953355.1953381},
  file = {C\:\\Users\\csepa\\Zotero\\storage\\L5BY3C4U\\Sureka et al. - 2011 - Using social network analysis for mining collabora.pdf},
  isbn = {978-1-4503-0559-4},
  keywords = {collaboration network,defect tracking system,mining software repositories,risk,social network analysis,threat and vulnerability analysis},
  series = {{{ISEC}} '11}
}

@inproceedings{yangHowMicrobloggingNetworks2013,
  title = {How {{Microblogging Networks Affect Project Success}} of {{Open Source Software Development}}},
  booktitle = {2013 46th {{Hawaii International Conference}} on {{System Sciences}}},
  author = {Yang, Xuan and Hu, Daning and Robert, Davison M.},
  year = {2013},
  month = jan,
  pages = {3178--3186},
  issn = {1530-1605},
  doi = {10.1109/HICSS.2013.251},
  file = {C\:\\Users\\csepa\\Zotero\\storage\\QTVSMMND\\6480227.html},
  keywords = {Collaboration,Communities,Knowledge engineering,Media,Open source software,Social network services}
}

@inproceedings{yunwenyeUnderstandingMotivationOpen2003,
  title = {Toward an Understanding of the Motivation of Open Source Software Developers},
  booktitle = {25th {{International Conference}} on {{Software Engineering}}, 2003. {{Proceedings}}.},
  author = {{Yunwen Ye} and Kishida, K.},
  year = {2003},
  month = may,
  pages = {419--429},
  issn = {0270-5257},
  doi = {10.1109/ICSE.2003.1201220},
  file = {C\:\\Users\\csepa\\Zotero\\storage\\N5NSTWEW\\1201220.html},
  keywords = {Collaboration,Collaborative software,Computer languages,Computer science,Open source software,Software engineering}
}


